




@article{osborne_2010, title={Data Cleaning Basics: Best Practices in Dealing with Extreme Scores}, volume={10}, DOI={10.1053/j.nainr.2009.12.009}, number={1}, journal={Newborn and Infant Nursing Reviews}, author={Osborne, Jason W.}, year={2010}, pages={37â€“43}}


@book{squire_2015, place={Birmingham, United Kingdom}, title={Clean data: save time by discovering effortless strategies for cleaning, organizing, and manipulating your data}, publisher={Packt Publishing Ltd}, author={Squire, Megan}, year={2015}, note={Chapters 1 \& 2}}


@book{han_kamber_pei_2012, place={Amsterdam}, title={Data mining: concepts and techniques}, publisher={Elsevier/Morgan Kaufmann}, author={Han, Jiawei and Kamber, Micheline and Pei, Jian}, year={2012}, note={Chapter 3}}

